<record><leader>00000cas a22000007a 4500</leader><controlfield tag="001">11182121</controlfield><controlfield tag="008">840921d18401840ohuwr ne      0    0eng d</controlfield><datafield ind1=" " ind2=" " tag="010"><subfield code="a">sn 84028574 </subfield></datafield><datafield ind1=" " ind2=" " tag="040"><subfield code="a">NPY</subfield><subfield code="b">eng</subfield><subfield code="c">NPY</subfield><subfield code="d">ONP</subfield><subfield code="d">OCL</subfield><subfield code="d">OCLCF</subfield><subfield code="d">OCLCO</subfield></datafield><datafield ind1="1" ind2=" " tag="029"><subfield code="a">AU@</subfield><subfield code="b">000020121305</subfield></datafield><datafield ind1=" " ind2=" " tag="042"><subfield code="a">msc</subfield></datafield><datafield ind1="0" ind2=" " tag="130"><subfield code="a">Guernsey times (Cambridge, Ohio : 1840)</subfield></datafield><datafield ind1="0" ind2="4" tag="245"><subfield code="a">The Guernsey times.</subfield></datafield><datafield ind1=" " ind2=" " tag="260"><subfield code="a">Cambridge, Ohio :</subfield><subfield code="b">W.R. Allison,</subfield><subfield code="c">1840.</subfield></datafield><datafield ind1=" " ind2=" " tag="300"><subfield code="a">v.</subfield></datafield><datafield ind1=" " ind2=" " tag="310"><subfield code="a">Weekly</subfield></datafield><datafield ind1="0" ind2=" " tag="362"><subfield code="a">Vol. 1, no. 6 (Jan. 11, 1840)-v. 2, no. 3 (Dec. 26, 1840) = Old Ser., v. 16, whole no. 767-v. 17, whole no. 835.</subfield></datafield><datafield ind1=" " ind2=" " tag="500"><subfield code="a">Published on Saturday.</subfield></datafield><datafield ind1=" " ind2=" " tag="500"><subfield code="a">Whig.</subfield></datafield><datafield ind1=" " ind2="0" tag="651"><subfield code="a">Cambridge (Ohio)</subfield><subfield code="v">Newspapers.</subfield></datafield><datafield ind1=" " ind2="0" tag="651"><subfield code="a">Guernsey County (Ohio)</subfield><subfield code="v">Newspapers.</subfield></datafield><datafield ind1=" " ind2="7" tag="655"><subfield code="a">Newspapers.</subfield><subfield code="2">fast</subfield><subfield code="0">(OCoLC)fst01423814</subfield></datafield><datafield ind1=" " ind2="7" tag="651"><subfield code="a">Ohio</subfield><subfield code="z">Cambridge.</subfield><subfield code="2">fast</subfield><subfield code="0">(OCoLC)fst01202886</subfield></datafield><datafield ind1=" " ind2="7" tag="651"><subfield code="a">Ohio</subfield><subfield code="z">Guernsey County.</subfield><subfield code="2">fast</subfield><subfield code="0">(OCoLC)fst01207986</subfield></datafield><datafield ind1=" " ind2=" " tag="752"><subfield code="a">United States</subfield><subfield code="b">Ohio</subfield><subfield code="c">Guernsey</subfield><subfield code="d">Cambridge.</subfield></datafield><datafield ind1="0" ind2="0" tag="780"><subfield code="t">Guernsey times, and farmers' and mechanics' advocate</subfield><subfield code="w">(DLC)sn 84028573</subfield></datafield><datafield ind1="0" ind2="0" tag="785"><subfield code="t">Guernsey County times</subfield><subfield code="w">(DLC)sn 8428575</subfield></datafield></record>